<?xml version="1.0" encoding="UTF-8"?><record xmlns="http://www.loc.gov/MARC21/slim" xmlns:cinclude="http://apache.org/cocoon/include/1.0" xmlns:zs="http://www.loc.gov/zing/srw/">
  <leader>00389cz  a2200121n  4500</leader>
  <controlfield tag="001">n  95069581 </controlfield>
  <controlfield tag="003">DLC</controlfield>
  <controlfield tag="005">19950714124204.0</controlfield>
  <controlfield tag="008">950714n| acannaab|          |n ana |||  </controlfield>
  <datafield tag="010" ind1=" " ind2=" ">
    <subfield code="a">n  95069581 </subfield>
  </datafield>
  <datafield tag="040" ind1=" " ind2=" ">
    <subfield code="a">DLC</subfield>
    <subfield code="c">DLC</subfield>
    <subfield code="d">DLC</subfield>
  </datafield>
  <datafield tag="110" ind1="2" ind2="0">
    <subfield code="a">Penzenskiĭ oblispolkom.</subfield>
    <subfield code="b">Arkhivnyĭ otdel</subfield>
  </datafield>
  <datafield tag="670" ind1=" " ind2=" ">
    <subfield code="a">Gosudarstvennyĭ arkhiv Penzenskoĭ oblasti, 1962:</subfield>
    <subfield code="b">t.p. (Arkhivnyĭ otdel Penzenskogo oblispolkoma)</subfield>
  </datafield>
</record>